<?xml version="1.0" encoding="UTF-8"?><collection xmlns="http://www.loc.gov/MARC21/slim"><record><leader>00475nam--2200133-i-4500</leader><controlfield tag="001">000020008</controlfield><controlfield tag="002">20161230</controlfield><controlfield tag="005">20161230201033</controlfield><controlfield tag="008">060222s1000------------r-----000-0-eng-d</controlfield><datafield ind1=" " ind2=" " tag="080"><subfield code="a">621.375.826:537.56(043)</subfield></datafield><datafield ind1=" " ind2=" " tag="100"><subfield code="a">Dubreuil, Bernard</subfield></datafield><datafield ind1=" " ind2=" " tag="245"><subfield code="a">Interactions laser- gaz ionises pertutrbation de la structure et des populations atomiques et moleculaires, applications a l etude des processus elementaires. these</subfield></datafield><datafield ind1=" " ind2=" " tag="260"><subfield code="a">Orleans, Universite, 1979. 264 P</subfield></datafield><datafield ind1=" " ind2=" " tag="852"><subfield code="a">49594</subfield></datafield></record></collection>